@article{dropout-srivastava,
  author    = {Nitish Srivastava and
               Geoffrey E. Hinton and
               Alex Krizhevsky and
               Ilya Sutskever and
               Ruslan Salakhutdinov},
  title     = {Dropout: a simple way to prevent neural networks from overfitting},
  journal   = {Journal of Machine Learning Research},
  volume    = {15},
  number    = {1},
  pages     = {1929--1958},
  year      = {2014},
  url       = {http://dl.acm.org/citation.cfm?id=2670313},
  timestamp = {Sun, 05 Oct 2014 12:54:58 +0200},
  biburl    = {https://dblp.org/rec/bib/journals/jmlr/SrivastavaHKSS14},
  bibsource = {dblp computer science bibliography, https://dblp.org}
}

@book{Goodfellow-et-al-2016,
    title={Deep Learning},
    author={Ian Goodfellow and Yoshua Bengio and Aaron Courville},
    publisher={MIT Press},
    note={\url{http://www.deeplearningbook.org}},
    year={2016}
}

@book{Rojas96,
  author    = {Ra{\'{u}}l Rojas},
  title     = {Neural Networks - {A} Systematic Introduction},
  publisher = {Springer},
  year      = {1996},
  timestamp = {Mon, 14 May 2007 22:49:45 +0200},
  biburl    = {http://dblp.org/rec/bib/books/sp/Rojas96},
  bibsource = {dblp computer science bibliography, http://dblp.org}
}

@book{Nielsen-neural,
  title = {Neural Networks and Deep Learning},
  author  = {Michael A. Nielsen},
  publisher = {Determination Press},
  year  = {2015},
  note = {\url{http://neuralnetworksanddeeplearning.com/}}
}

@article{multilayer-feedforward-universal-approximators,
  author    = {Kurt Hornik and
               Maxwell B. Stinchcombe and
               Halbert White},
  title     = {Multilayer feedforward networks are universal approximators},
  journal   = {Neural Networks},
  volume    = {2},
  number    = {5},
  pages     = {359--366},
  year      = {1989},
  url       = {https://doi.org/10.1016/0893-6080(89)90020-8},
  doi       = {10.1016/0893-6080(89)90020-8},
  timestamp = {Sun, 28 May 2017 13:18:19 +0200},
  biburl    = {https://dblp.org/rec/bib/journals/nn/HornikSW89},
  bibsource = {dblp computer science bibliography, https://dblp.org}
}

@article{Hinton-et-al-06,
  author    = {Geoffrey E. Hinton and
               Simon Osindero and
               Yee Whye Teh},
  title     = {A Fast Learning Algorithm for Deep Belief Nets},
  journal   = {Neural Computation},
  volume    = {18},
  number    = {7},
  pages     = {1527--1554},
  year      = {2006},
  url       = {https://doi.org/10.1162/neco.2006.18.7.1527},
  doi       = {10.1162/neco.2006.18.7.1527},
  timestamp = {Sun, 28 May 2017 13:19:02 +0200},
  biburl    = {https://dblp.org/rec/bib/journals/neco/HintonOT06},
  bibsource = {dblp computer science bibliography, https://dblp.org}
}

@inproceedings{KSHimagenet2012,
  author    = {Alex Krizhevsky and
               Ilya Sutskever and
               Geoffrey E. Hinton},
  title     = {ImageNet Classification with Deep Convolutional Neural Networks},
  booktitle = {Advances in Neural Information Processing Systems 25: 26th Annual
               Conference on Neural Information Processing Systems 2012. Proceedings
               of a meeting held December 3-6, 2012, Lake Tahoe, Nevada, United States.},
  pages     = {1106--1114},
  year      = {2012},
  url       = {http://papers.nips.cc/paper/4824-imagenet-classification-with-deep-convolutional-neural-networks},
  timestamp = {Thu, 11 Dec 2014 17:34:07 +0100},
  biburl    = {https://dblp.org/rec/bib/conf/nips/KrizhevskySH12},
  bibsource = {dblp computer science bibliography, https://dblp.org}
} 

@incollection{Rumelhart-1986-back-prop,
 author = {Rumelhart, D. E. and Hinton, G. E. and Williams, R. J.},
 chapter = {Learning Internal Representations by Error Propagation},
 title = {Parallel Distributed Processing: Explorations in the Microstructure of Cognition, Vol. 1},
 editor = {Rumelhart, David E. and McClelland, James L. and PDP Research Group, CORPORATE},
 year = {1986},
 isbn = {0-262-68053-X},
 pages = {318--362},
 numpages = {45},
 url = {http://dl.acm.org/citation.cfm?id=104279.104293},
 acmid = {104293},
 publisher = {MIT Press},
 address = {Cambridge, MA, USA},
} 

@book{rosenblatt1957perceptron,
  title={The perceptron, a perceiving and recognizing automaton Project Para},
  author={Rosenblatt, Frank},
  year={1957},
  publisher={Cornell Aeronautical Laboratory}
}

@article{mcculloch1943logical,
  title={A logical calculus of the ideas immanent in nervous activity},
  author={McCulloch, Warren S and Pitts, Walter},
  journal={The bulletin of mathematical biophysics},
  volume={5},
  number={4},
  pages={115--133},
  year={1943},
  publisher={Springer}
}

@online{imagenet-website,
  author = {TODO nettisivu ei toimi atm tarkista authoriin jotain my√∂hemmin},
  title = {ImageNet},
  year = 2018,
  url = {http://image-net.org/about-stats},
  urldate = {2018-05-1}
}

@inproceedings{abdel2012applying,
  title={Applying convolutional neural networks concepts to hybrid NN-HMM model for speech recognition},
  author={Abdel-Hamid, Ossama and Mohamed, Abdel-rahman and Jiang, Hui and Penn, Gerald},
  booktitle={Acoustics, Speech and Signal Processing (ICASSP), 2012 IEEE International Conference on},
  pages={4277--4280},
  year={2012},
  organization={IEEE}
}

@inproceedings{sermanet2011traffic,
  title={Traffic sign recognition with multi-scale convolutional networks},
  author={Sermanet, Pierre and LeCun, Yann},
  booktitle={Neural Networks (IJCNN), The 2011 International Joint Conference on},
  pages={2809--2813},
  year={2011},
  organization={IEEE}
}

@inproceedings{szarvas2005pedestrian,
  title={Pedestrian detection with convolutional neural networks},
  author={Szarvas, Mate and Yoshizawa, Akira and Yamamoto, Munetaka and Ogata, Jun},
  booktitle={Intelligent vehicles symposium, 2005. Proceedings. IEEE},
  pages={224--229},
  year={2005},
  organization={IEEE}
}