@book{Goodfellow-et-al-2016,
    title={Deep Learning},
    author={Ian Goodfellow and Yoshua Bengio and Aaron Courville},
    publisher={MIT Press},
    note={\url{http://www.deeplearningbook.org}},
    year={2016}
}

@book{Rojas96,
  author    = {Ra{\'{u}}l Rojas},
  title     = {Neural Networks - {A} Systematic Introduction},
  publisher = {Springer},
  year      = {1996},
  timestamp = {Mon, 14 May 2007 22:49:45 +0200},
  biburl    = {http://dblp.org/rec/bib/books/sp/Rojas96},
  bibsource = {dblp computer science bibliography, http://dblp.org}
}

@book{Nielsen-neural,
  title = {Neural Networks and Deep Learning},
  author  = {Michael A. Nielsen},
  publisher = {Determination Press},
  year  = {2015},
  note = {\url{http://neuralnetworksanddeeplearning.com/}}
}
